% last modified 2020-11-13

@book{sicp,
  author = "Harold Abelson and Gerald Jay {Sussman with Julie Sussman}",
  title = "\urlp{Structure and Interpretation of Computer Programs 
    (``SICP'')}{http://mitpress.mit.edu/sicp/full-text/book/book.html}",
  edition = "2nd",
  publisher = "MIT Press",
  year = 1996,
}

@book{htdp,
  author = "Matthias Felleisen and Robert Bruce Findler and Matthew Flatt 
    and Shriram Krishnamurthi",
  title = "\urlp{How to Design Programs: An Introduction to Programming
    and Computing}{http://www.htdp.org}",
  publisher = "MIT Press",
  year = 2001,
}

@book{tspl,
  author = "R. Kent Dybvig",
  title = "\urlp{The Scheme Programming 
    Language}{http://www.scheme.com/tspl2d}",
  edition = "2nd",
  publisher = "Prentice Hall PTR",
  year = 1996,
}

@book{hunter,
  author = "J. A. H. Hunter",
  title = "\urlh{http://store.yahoo.com/doverpublications/0486233472.html}{Mathematical 
    Brain-Teasers}",
  publisher = "Dover Publications",
  year = 1976,
}

@book{4cp,
  author = "Thomas L. Saaty and Paul C. Kainen",
  title = "The Four-Color Problem: Assaults and Conquest",
  publisher = "Dover Publications",
  year = 1986,
}

@book{aop,
  author = "Leon Sterling and Ehud Shapiro",
  title = "\urlh{http://mitpress.mit.edu/book-home.tcl?isbn=0262193388}{The 
    Art of Prolog}",
  publisher = "MIT Press",
  year = 1994,
  edition = "2nd",
}

@book{tls,
  author = "Daniel P. Friedman and Matthias Felleisen",
  title = "\urlh{http://www.ccs.neu.edu/~matthias/BTLS}{The Little Schemer}",
  publisher = "MIT Press",
  year = 1996,
  edition = "4th",
}

@book{tss,
  author = "Daniel P. Friedman and Matthias Felleisen",
  title = "\urlh{http://www.ccs.neu.edu/~matthias/BTSS}{The Seasoned Schemer}",
  publisher = "MIT Press",
  year = 1996,
}

@book{eopl,
  author = "Daniel P. Friedman and Mitchell Wand and Christopher T. Haynes",
  title = "\urlh{http://mitpress.mit.edu/book-home.tcl?isbn=0262061457}{Essentials
    of Programming Languages}",
  publisher = "MIT Press, McGraw-Hill",
  year = 1992,
}

@book{q:lisp,
  author = "Christian Queinnec",
  title = "\urlh{http://youpou.lip6.fr/queinnec/WWW/LiSP.html}{Lisp 
    in Small Pieces}",
  publisher = "Cambridge University Press",
  year = 1996,
}

@book{keene,
  author = "Sonya E. Keene",
  title = "Object-oriented Programming in Common Lisp: A
    Programmer's Guide to CLOS",
  publisher = "Addison-Wesley",
  year = 1989,
}

@book{amop,
  author = "Gregor Kiczales and Jim des Rivi\`eres and Daniel G. Bobrow",
  title = "The Art of the Metaobject Protocol",
  publisher = "MIT Press",
  year = 1991,
}

@book{hmf,
  editor = "Milton Abramowitz and Irene A. Stegun",
  title = "\urlh{http://store.yahoo.com/doverpublications/0486612724.html}{Handbook
    of Mathematical Functions: with Formulas, Graphs, and Mathematical Tables}",
  publisher = "Dover Publications",
  year = 1965,
}

@book{nahin:dice,
  author = "Paul J. Nahin",
  title = "Digital Dice: Computational Solutions to Practical Probability Problems",
  publisher = "Princeton University Press",
  year = 2008,
}

@inproceedings{wc:amb,
  author = "William Clinger",
  title = "{Nondeterministic call by need is neither lazy nor
    by name}",
  booktitle = "{Proc. ACM Symp. Lisp and Functional
    Programming}",
  year = 1982,
  pages = "226--234",
}

@inproceedings{logick,
  author = "Christopher T. Haynes",
  title = "{Logic continuations}",
  booktitle = "{J. Logic Program.}",
  year = 1987,
  note = "vol 4",
  pages = "157--176",
}

@inproceedings{engine,
  author = "Christopher T. Haynes and Daniel P. Friedman",
  title = "{Engines Build Process Abstractions}",
  booktitle = "{Conf. ACM Symp. Lisp and Functional
    Programming}",
  year = 1984,
  pages = "18--24",
}

@inproceedings{coroutine,
  author = "Christopher T. Haynes and Daniel P. Friedman and
    Mitchell Wand",
  title = "{Continuations and Coroutines}",
  booktitle = "{Conf. ACM Symp. Lisp and Functional
    Programming}",
  year = 1984,
  pages = "293--298",
}

@inproceedings{jmc:amb,
  author = "John McCarthy",
  title = "\urlh{http://www-formal.stanford.edu/jmc/basis1/basis1.html}{A
    Basis for a Mathematical Theory of Computation}",
  booktitle = "{Computer Programming and Formal Systems}",
  editor = "P. Braffort and D. Hirschberg",
  publisher = "North-Holland",
  year = 1967,
}

@inproceedings{zmc:amb,
  author = "Ramin Zabih and David McAllester and David Chapman",
  title = "{Non-deterministic Lisp with dependency-directed
    backtracking}",
  booktitle = "{AAAI-87}",
  year = 1987,
  pages = "59--64",
}

@misc{cgi,
  author = "NCSA",
  title = "\urlp{The Common Gateway 
    Interface}{http://hoohoo.ncsa.uiuc.edu/cgi}",
}

@misc{r5rs,
  author = "Richard Kelsey and William Clinger and
    Jonathan {Rees (eds)}",
  title = "\urlp{Revised\^{}5 Report on the Algorithmic Language Scheme
    (“R5RS”)}{http://www.schemers.org/Documents/Standards/R5RS/HTML/r5rs.html}",
  year = 1998,
}

@misc{gambit,
  author = "Marc Feeley",
  title = "\urlp{Gambit Scheme System}{http://www.iro.umontreal.ca/~gambit}",
}

@misc{mzscheme,
  author = "Matthew Flatt",
  title = "\urlp{MzScheme}{http://www.plt-scheme.org/software/mzscheme}",
}

@misc{stk,
  author = "Erick Gallesio",
  title = "\urlp{STk}{http://kaolin.unice.fr/STk/STk.html}",
}

@misc{guile,
  author = "FSF",
  title = "\urlp{Guile: Project GNU's Extension
    Language}{http://www.gnu.org/software/guile/guile.html}",
}

@misc{gauche,
  author = "Shiro Kawai",
  title =
    "\urlp{Gauche: A Scheme Implementation}{http://www.shiro.dreamhost.com/scheme/gauche/}"
}

@misc{chicken,
  author = "Felix L. Winkelmann",
  title = "\urlp{Chicken: A practical and portable Scheme
    system}{http://www.call-with-current-continuation.org/chicken.html}",
}

@misc{scm,
  author = "Aubrey Jaffer",
  title = "\urlp{SCM}{http://swissnet.ai.mit.edu/~jaffer/SCM.html}",
}

@misc{kawa,
  author = "Per Bothner",
  title = "\urlp{The Kawa Scheme system}{http://www.gnu.org/software/kawa}",
}

@misc{mitscheme,
  author = "{MIT Scheme Team}",
  title = "\urlp{MIT Scheme}{http://www.swiss.ai.mit.edu/projects/scheme}",
}

@misc{bigloo,
  author = "Manuel Serrano",
  title = "\urlp{Bigloo}{http://www-sop.inria.fr/mimosa/fp/Bigloo}",
}

@misc{pocketscheme,
  author = "Ben Goetter",
  title = "\urlp{Pocket Scheme for the H/PC and 
    P/PC}{http://www.angrygraycat.com/scheme/pscheme.htm}",
}

@techreport{mf:prolog,
  author = "Matthias Felleisen",
  title = "{Transliterating Prolog into Scheme}",
  institution = "{Indiana U. Comp. Sci. Dept}",
  year = 1985,
  number = 182,
}

